@article{smith2020study,
  author = {John Smith},
  title = {Study Title},
  journal = {Journal Name},
  year = {2020},
}


@article{smith2020analysis,
  author = {John Smith},
  title = {Analysis of Head Trauma in Sports},
  journal = {Journal of Sports Medicine},
  year = {2020},
  volume = {12},
  number = {3},
  pages = {45-67},
}
